<?xml version="1.0" encoding="UTF-8"?><record xmlns="http://www.loc.gov/MARC21/slim" xmlns:cinclude="http://apache.org/cocoon/include/1.0" xmlns:zs="http://www.loc.gov/zing/srw/">
  <leader>00435nz  a2200121n  4500</leader>
  <controlfield tag="001">n  99282681 </controlfield>
  <controlfield tag="003">DLC</controlfield>
  <controlfield tag="005">19991028084419.0</controlfield>
  <controlfield tag="008">991028n| acannaabn          |n aaa      </controlfield>
  <datafield tag="010" ind1=" " ind2=" ">
    <subfield code="a">n  99282681 </subfield>
  </datafield>
  <datafield tag="040" ind1=" " ind2=" ">
    <subfield code="a">DLC</subfield>
    <subfield code="b">eng</subfield>
    <subfield code="c">DLC</subfield>
  </datafield>
  <datafield tag="100" ind1="1" ind2=" ">
    <subfield code="a">Place, Thomas M.</subfield>
  </datafield>
  <datafield tag="670" ind1=" " ind2=" ">
    <subfield code="a">Place, Thomas M. Post Conviction Relief Act, c1997- :</subfield>
    <subfield code="b">t.p. (Thomas M. Place) author's p. (prof. of law, Dickinson Sch. of Law, Pa. St. Univ.; grad. of Marquette Univ. Law Sch.)</subfield>
  </datafield>
</record>